%YAML 1.1
%TAG !u! tag:unity3d.com,2011:
--- !u!1 &8878987140591155807
GameObject:
  m_ObjectHideFlags: 0
  m_CorrespondingSourceObject: {fileID: 0}
  m_PrefabInstance: {fileID: 0}
  m_PrefabAsset: {fileID: 0}
  serializedVersion: 6
  m_Component:
  - component: {fileID: 8878987140591155805}
  - component: {fileID: 8878987140591155806}
  - component: {fileID: 8878987140591155804}
  - component: {fileID: 8710241352717596660}
  - component: {fileID: 5913992667655469034}
  - component: {fileID: 1457254243}
  m_Layer: 10
  m_Name: HeadRed
  m_TagString: Head
  m_Icon: {fileID: 0}
  m_NavMeshLayer: 0
  m_StaticEditorFlags: 0
  m_IsActive: 1
--- !u!4 &8878987140591155805
Transform:
  m_ObjectHideFlags: 0
  m_CorrespondingSourceObject: {fileID: 0}
  m_PrefabInstance: {fileID: 0}
  m_PrefabAsset: {fileID: 0}
  m_GameObject: {fileID: 8878987140591155807}
  m_LocalRotation: {x: 0, y: 0, z: 0, w: 1}
  m_LocalPosition: {x: 3.2600002, y: -2.3, z: 15.417039}
  m_LocalScale: {x: 0.2, y: 0.2, z: 0.2}
  m_Children:
  - {fileID: 3063162156429371034}
  m_Father: {fileID: 0}
  m_RootOrder: 0
  m_LocalEulerAnglesHint: {x: 0, y: 0, z: 0}
--- !u!212 &8878987140591155806
SpriteRenderer:
  m_ObjectHideFlags: 0
  m_CorrespondingSourceObject: {fileID: 0}
  m_PrefabInstance: {fileID: 0}
  m_PrefabAsset: {fileID: 0}
  m_GameObject: {fileID: 8878987140591155807}
  m_Enabled: 1
  m_CastShadows: 0
  m_ReceiveShadows: 0
  m_DynamicOccludee: 1
  m_MotionVectors: 1
  m_LightProbeUsage: 1
  m_ReflectionProbeUsage: 1
  m_RayTracingMode: 0
  m_RayTraceProcedural: 0
  m_RenderingLayerMask: 1
  m_RendererPriority: 0
  m_Materials:
  - {fileID: 10754, guid: 0000000000000000f000000000000000, type: 0}
  m_StaticBatchInfo:
    firstSubMesh: 0
    subMeshCount: 0
  m_StaticBatchRoot: {fileID: 0}
  m_ProbeAnchor: {fileID: 0}
  m_LightProbeVolumeOverride: {fileID: 0}
  m_ScaleInLightmap: 1
  m_ReceiveGI: 1
  m_PreserveUVs: 0
  m_IgnoreNormalsForChartDetection: 0
  m_ImportantGI: 0
  m_StitchLightmapSeams: 1
  m_SelectedEditorRenderState: 0
  m_MinimumChartSize: 4
  m_AutoUVMaxDistance: 0.5
  m_AutoUVMaxAngle: 89
  m_LightmapParameters: {fileID: 0}
  m_SortingLayerID: 2104375037
  m_SortingLayer: 1
  m_SortingOrder: 0
  m_Sprite: {fileID: -7894366435277481005, guid: 5258851c3f2b65b419a9ab81b6a8278b,
    type: 3}
  m_Color: {r: 1, g: 1, b: 1, a: 1}
  m_FlipX: 0
  m_FlipY: 0
  m_DrawMode: 0
  m_Size: {x: 13.02, y: 13.02}
  m_AdaptiveModeThreshold: 0.5
  m_SpriteTileMode: 0
  m_WasSpriteAssigned: 1
  m_MaskInteraction: 0
  m_SpriteSortPoint: 0
--- !u!114 &8878987140591155804
MonoBehaviour:
  m_ObjectHideFlags: 0
  m_CorrespondingSourceObject: {fileID: 0}
  m_PrefabInstance: {fileID: 0}
  m_PrefabAsset: {fileID: 0}
  m_GameObject: {fileID: 8878987140591155807}
  m_Enabled: 1
  m_EditorHideFlags: 0
  m_Script: {fileID: 11500000, guid: a798fa6d42b50d64b976b9ded66c418f, type: 3}
  m_Name: 
  m_EditorClassIdentifier: 
  m_ID: 2
  m_Rb: {fileID: 1457254243}
  m_Head: {fileID: 0}
  m_Child: {fileID: 0}
  m_ListChilds: []
  m_Parent: {fileID: 0}
  m_Score: 0
  m_DirectionX: -1
  m_DirectionY: 1
  m_SavedDirection: {x: 0, y: 0}
  m_ScoreText: {fileID: 0}
  m_Joystick: {fileID: 0}
--- !u!95 &8710241352717596660
Animator:
  serializedVersion: 3
  m_ObjectHideFlags: 0
  m_CorrespondingSourceObject: {fileID: 0}
  m_PrefabInstance: {fileID: 0}
  m_PrefabAsset: {fileID: 0}
  m_GameObject: {fileID: 8878987140591155807}
  m_Enabled: 1
  m_Avatar: {fileID: 0}
  m_Controller: {fileID: 9100000, guid: 2e6c9460abae50044a51542ed3ec7887, type: 2}
  m_CullingMode: 0
  m_UpdateMode: 0
  m_ApplyRootMotion: 0
  m_LinearVelocityBlending: 0
  m_WarningMessage: 
  m_HasTransformHierarchy: 1
  m_AllowConstantClipSamplingOptimization: 1
  m_KeepAnimatorControllerStateOnDisable: 0
--- !u!70 &5913992667655469034
CapsuleCollider2D:
  m_ObjectHideFlags: 0
  m_CorrespondingSourceObject: {fileID: 0}
  m_PrefabInstance: {fileID: 0}
  m_PrefabAsset: {fileID: 0}
  m_GameObject: {fileID: 8878987140591155807}
  m_Enabled: 1
  m_Density: 1
  m_Material: {fileID: 0}
  m_IsTrigger: 0
  m_UsedByEffector: 0
  m_UsedByComposite: 0
  m_Offset: {x: 0.02823472, y: -0.11294365}
  m_Size: {x: 4.1410756, y: 4.197545}
  m_Direction: 0
--- !u!50 &1457254243
Rigidbody2D:
  serializedVersion: 4
  m_ObjectHideFlags: 0
  m_CorrespondingSourceObject: {fileID: 0}
  m_PrefabInstance: {fileID: 0}
  m_PrefabAsset: {fileID: 0}
  m_GameObject: {fileID: 8878987140591155807}
  m_BodyType: 0
  m_Simulated: 1
  m_UseFullKinematicContacts: 0
  m_UseAutoMass: 0
  m_Mass: 1
  m_LinearDrag: 0
  m_AngularDrag: 0.05
  m_GravityScale: 0
  m_Material: {fileID: 0}
  m_Interpolate: 0
  m_SleepingMode: 0
  m_CollisionDetection: 1
  m_Constraints: 0
--- !u!1001 &1138032621638695083
PrefabInstance:
  m_ObjectHideFlags: 0
  serializedVersion: 2
  m_Modification:
    m_TransformParent: {fileID: 8878987140591155805}
    m_Modifications:
    - target: {fileID: 2686840709149941297, guid: 91c7f244f75ad4d4ba0e0669eb94ce6d,
        type: 3}
      propertyPath: m_LocalPosition.x
      value: 0
      objectReference: {fileID: 0}
    - target: {fileID: 2686840709149941297, guid: 91c7f244f75ad4d4ba0e0669eb94ce6d,
        type: 3}
      propertyPath: m_LocalPosition.y
      value: -2.1
      objectReference: {fileID: 0}
    - target: {fileID: 2686840709149941297, guid: 91c7f244f75ad4d4ba0e0669eb94ce6d,
        type: 3}
      propertyPath: m_LocalPosition.z
      value: 0
      objectReference: {fileID: 0}
    - target: {fileID: 2686840709149941297, guid: 91c7f244f75ad4d4ba0e0669eb94ce6d,
        type: 3}
      propertyPath: m_LocalRotation.x
      value: 0
      objectReference: {fileID: 0}
    - target: {fileID: 2686840709149941297, guid: 91c7f244f75ad4d4ba0e0669eb94ce6d,
        type: 3}
      propertyPath: m_LocalRotation.y
      value: 0
      objectReference: {fileID: 0}
    - target: {fileID: 2686840709149941297, guid: 91c7f244f75ad4d4ba0e0669eb94ce6d,
        type: 3}
      propertyPath: m_LocalRotation.z
      value: 0
      objectReference: {fileID: 0}
    - target: {fileID: 2686840709149941297, guid: 91c7f244f75ad4d4ba0e0669eb94ce6d,
        type: 3}
      propertyPath: m_LocalRotation.w
      value: 1
      objectReference: {fileID: 0}
    - target: {fileID: 2686840709149941297, guid: 91c7f244f75ad4d4ba0e0669eb94ce6d,
        type: 3}
      propertyPath: m_RootOrder
      value: 0
      objectReference: {fileID: 0}
    - target: {fileID: 2686840709149941297, guid: 91c7f244f75ad4d4ba0e0669eb94ce6d,
        type: 3}
      propertyPath: m_LocalEulerAnglesHint.x
      value: 0
      objectReference: {fileID: 0}
    - target: {fileID: 2686840709149941297, guid: 91c7f244f75ad4d4ba0e0669eb94ce6d,
        type: 3}
      propertyPath: m_LocalEulerAnglesHint.y
      value: 0
      objectReference: {fileID: 0}
    - target: {fileID: 2686840709149941297, guid: 91c7f244f75ad4d4ba0e0669eb94ce6d,
        type: 3}
      propertyPath: m_LocalEulerAnglesHint.z
      value: 0
      objectReference: {fileID: 0}
    - target: {fileID: 2686840709149941297, guid: 91c7f244f75ad4d4ba0e0669eb94ce6d,
        type: 3}
      propertyPath: m_LocalScale.x
      value: 10
      objectReference: {fileID: 0}
    - target: {fileID: 2686840709149941297, guid: 91c7f244f75ad4d4ba0e0669eb94ce6d,
        type: 3}
      propertyPath: m_LocalScale.y
      value: 10
      objectReference: {fileID: 0}
    - target: {fileID: 2686840709149941297, guid: 91c7f244f75ad4d4ba0e0669eb94ce6d,
        type: 3}
      propertyPath: m_LocalScale.z
      value: 10
      objectReference: {fileID: 0}
    - target: {fileID: 2686840709149941298, guid: 91c7f244f75ad4d4ba0e0669eb94ce6d,
        type: 3}
      propertyPath: InitialModule.startColor.maxColor.r
      value: 1
      objectReference: {fileID: 0}
    - target: {fileID: 2686840709149941298, guid: 91c7f244f75ad4d4ba0e0669eb94ce6d,
        type: 3}
      propertyPath: InitialModule.startColor.maxColor.g
      value: 0.07212789
      objectReference: {fileID: 0}
    - target: {fileID: 2686840709149941298, guid: 91c7f244f75ad4d4ba0e0669eb94ce6d,
        type: 3}
      propertyPath: InitialModule.startColor.maxColor.b
      value: 0
      objectReference: {fileID: 0}
    - target: {fileID: 2686840709149941298, guid: 91c7f244f75ad4d4ba0e0669eb94ce6d,
        type: 3}
      propertyPath: ColorModule.enabled
      value: 0
      objectReference: {fileID: 0}
    - target: {fileID: 2686840709149941298, guid: 91c7f244f75ad4d4ba0e0669eb94ce6d,
        type: 3}
      propertyPath: ColorModule.gradient.maxGradient.key0.g
      value: 1
      objectReference: {fileID: 0}
    - target: {fileID: 2686840709149941298, guid: 91c7f244f75ad4d4ba0e0669eb94ce6d,
        type: 3}
      propertyPath: ColorModule.gradient.maxGradient.key0.b
      value: 1
      objectReference: {fileID: 0}
    - target: {fileID: 2686840709149941298, guid: 91c7f244f75ad4d4ba0e0669eb94ce6d,
        type: 3}
      propertyPath: ColorModule.gradient.maxGradient.key1.g
      value: 1
      objectReference: {fileID: 0}
    - target: {fileID: 2686840709149941298, guid: 91c7f244f75ad4d4ba0e0669eb94ce6d,
        type: 3}
      propertyPath: ColorModule.gradient.maxGradient.key1.b
      value: 1
      objectReference: {fileID: 0}
    - target: {fileID: 2686840709149941298, guid: 91c7f244f75ad4d4ba0e0669eb94ce6d,
        type: 3}
      propertyPath: ColorModule.gradient.maxGradient.key2.g
      value: 1
      objectReference: {fileID: 0}
    - target: {fileID: 2686840709149941298, guid: 91c7f244f75ad4d4ba0e0669eb94ce6d,
        type: 3}
      propertyPath: ColorModule.gradient.maxGradient.key2.b
      value: 1
      objectReference: {fileID: 0}
    - target: {fileID: 2686840709149941298, guid: 91c7f244f75ad4d4ba0e0669eb94ce6d,
        type: 3}
      propertyPath: ColorModule.gradient.maxGradient.key3.r
      value: 1
      objectReference: {fileID: 0}
    - target: {fileID: 2686840709149941298, guid: 91c7f244f75ad4d4ba0e0669eb94ce6d,
        type: 3}
      propertyPath: ColorModule.gradient.maxGradient.key3.g
      value: 1
      objectReference: {fileID: 0}
    - target: {fileID: 2686840709149941298, guid: 91c7f244f75ad4d4ba0e0669eb94ce6d,
        type: 3}
      propertyPath: ColorModule.gradient.maxGradient.key3.b
      value: 1
      objectReference: {fileID: 0}
    - target: {fileID: 2686840709149941298, guid: 91c7f244f75ad4d4ba0e0669eb94ce6d,
        type: 3}
      propertyPath: ColorModule.gradient.maxGradient.ctime1
      value: 65535
      objectReference: {fileID: 0}
    - target: {fileID: 2686840709149941298, guid: 91c7f244f75ad4d4ba0e0669eb94ce6d,
        type: 3}
      propertyPath: ColorModule.gradient.maxGradient.ctime3
      value: 65535
      objectReference: {fileID: 0}
    - target: {fileID: 2686840709149941298, guid: 91c7f244f75ad4d4ba0e0669eb94ce6d,
        type: 3}
      propertyPath: ColorModule.gradient.maxGradient.m_NumColorKeys
      value: 2
      objectReference: {fileID: 0}
    - target: {fileID: 2686840709149941300, guid: 91c7f244f75ad4d4ba0e0669eb94ce6d,
        type: 3}
      propertyPath: m_Name
      value: bling
      objectReference: {fileID: 0}
    m_RemovedComponents: []
  m_SourcePrefab: {fileID: 100100000, guid: 91c7f244f75ad4d4ba0e0669eb94ce6d, type: 3}
--- !u!4 &3063162156429371034 stripped
Transform:
  m_CorrespondingSourceObject: {fileID: 2686840709149941297, guid: 91c7f244f75ad4d4ba0e0669eb94ce6d,
    type: 3}
  m_PrefabInstance: {fileID: 1138032621638695083}
  m_PrefabAsset: {fileID: 0}
